@misc{NCBI_GEO,
  author       = {NCBI GEO},
  title        = {GSE38531 [Dataset Details]},
  year         = {2024},
  url          = {https://www.ncbi.nlm.nih.gov/geo/query/acc.cgi?acc=GSE38531},
  note         = {Accessed December 21, 2024}
}

@misc{ASP_ExploreArrays,
  author       = {ASP(1) Teaching},
  title        = {Exploración de Microarrays - Análisis de Datos Ómicos},
  year         = {2024},
  url          = {https://aspteaching.github.io/Analisis_de_datos_omicos-Ejemplo_0-Microarrays/ExploreArrays.html},
  note         = {Accessed December 21, 2024}
}

@misc{ASP_DEG,
  author       = {ASP(2) Teaching},
  title        = {Capítulo: Genes Diferencialmente Expresados (DEG)},
  year         = {2024},
  url          = {https://aspteaching.github.io/Analisis_de_datos_omicos-Materiales_para_un_curso/chapDEG.html},
  note         = {Accessed December 21, 2024}
}

@misc{ASP_Estrogen_Case,
  author       = {ASP(3) Teaching},
  title        = {Caso: Selección de Genes Relacionados con la Resistencia a Estrógenos},
  year         = {2024},
  url          = {https://aspteaching.github.io/Analisis_de_datos_omicos-Materiales_para_un_curso/caso-estr%C3%B3geno-selecci%C3%B3n-de-genes-diferencialmente-expresados-asociados-con-la-resistencia-a-estr%C3%B3genos..html#obtenci%C3%B3n-y-lectura-de-los-datos},
  note         = {Accessed December 21, 2024}
}

@misc{ASP_GeneLists,
  author       = {ASP(4) Teaching},
  title        = {Análisis de Listas de Genes Posterior a la Selección},
  year         = {2024},
  url          = {https://aspteaching.github.io/Analisis_de_datos_omicos-Materiales_para_un_curso/despu%C3%A9s-de-la-selecci%C3%B3n-an%C3%A1lisis-de-listas-de-genes.html},
  note         = {Accessed December 21, 2024}
}

@misc{ASP_PCA_EcoFactors,
  author       = {ASP(5) Teaching},
  title        = {Ejemplo PCA 1: Búsqueda de Factores Latentes en Datos Ecológicos},
  year         = {2024},
  url          = {https://aspteaching.github.io/AMVCasos/#ejemplo-pca-1-b%C3%BAsqueda-de-factores-latentes-en-datos-ecol%C3%B3gicos1},
  note         = {Accessed December 21, 2024}
}

@misc{ASP_PCA_BatchEffect,
  author       = {ASP(6) Teaching},
  title        = {Ejemplo PCA 2: Detección del Efecto Batch en Datos de Microarrays},
  year         = {2024},
  url          = {https://aspteaching.github.io/AMVCasos/#ejemplo-pca-2-detecci%C3%B3n-del-efecto-batch-en-datos-de-microarrays.},
  note         = {Accessed December 21, 2024}
}

@misc{ASP_GO,
  author       = {ASP(7) Teaching},
  title        = {Anotación Básica de GO},
  year         = {2024},
  url          = {https://aspteaching.github.io/An-Introduction-to-Pathway-Analysis-with-R-and-Bioconductor/#Basic_GO_Annotation},
  note         = {Accessed December 21, 2024}
}

@misc{ASP_Enrichment,
  author       = {ASP(8) Teaching},
  title        = {Análisis de Enriquecimiento de Genes},
  year         = {2024},
  url          = {https://aspteaching.github.io/An-Introduction-to-Pathway-Analysis-with-R-and-Bioconductor/#Gene_Enrichment_Analysis},
  note         = {Accessed December 21, 2024}
}

@misc{ASP_MicroarrayCase,
  author       = {ASP(9) Teaching},
  title        = {Caso 1: Análisis de Microarrays},
  year         = {2024},
  url          = {https://aspteaching.github.io/Omics_Data_Analysis-Case_Study_1-Microarrays/Case_Study_1-Microarrays_Analysis.html#ref-Smyth2005},
  note         = {Accessed December 21, 2024}
}

@article{Smyth2004,
  author       = {Smyth, Gordon K.},
  title        = {Linear Models and Empirical Bayes Methods for Assessing Differential Expression in Microarray Experiments},
  journal      = {Statistical Applications in Genetics and Molecular Biology},
  volume       = {3},
  number       = {1},
  pages        = {1--25},
  year         = {2004},
  doi          = {10.2202/1544-6115.1027},
  url          = {https://doi.org/10.2202/1544-6115.1027}
}

@manua{Bioconductor_Mouse430,
  author       = {Bioconductor(1)},
  title        = {Annotation for Affymetrix Mouse Genome 430 2.0 Array},
  year         = {2024},
  url          = {https://www.bioconductor.org/packages/release/data/annotation/html/pd.mouse430.2.html},
  note         = {Accessed December 21, 2024}
}

@manua{Bioconductor_MouseDB,
  author       = {Bioconductor(2)},
  title        = {Mouse4302.db: Annotation Database for Affymetrix Mouse Genome 430 2.0 Array},
  year         = {2024},
  url          = {https://bioconductor.org/packages/release/data/annotation/html/mouse4302.db.html},
  note         = {Accessed December 21, 2024}
}

@manua{ClusterProfiler_enrichGO,
  author       = {ClusterProfiler Documentation},
  title        = {enrichGO: GO Enrichment Analysis},
  year         = {2024},
  url          = {https://www.rdocumentation.org/packages/clusterProfiler/versions/3.0.4/topics/enrichGO},
  note         = {Accessed December 21, 2024}
}
